%YAML 1.1
%TAG !u! tag:unity3d.com,2011:
--- !u!29 &1
OcclusionCullingSettings:
  m_ObjectHideFlags: 0
  serializedVersion: 2
  m_OcclusionBakeSettings:
    smallestOccluder: 5
    smallestHole: 0.25
    backfaceThreshold: 100
  m_SceneGUID: 00000000000000000000000000000000
  m_OcclusionCullingData: {fileID: 0}
--- !u!104 &2
RenderSettings:
  m_ObjectHideFlags: 0
  serializedVersion: 8
  m_Fog: 0
  m_FogColor: {r: 0.5, g: 0.5, b: 0.5, a: 1}
  m_FogMode: 3
  m_FogDensity: 0.01
  m_LinearFogStart: 0
  m_LinearFogEnd: 300
  m_AmbientSkyColor: {r: 0.212, g: 0.227, b: 0.259, a: 1}
  m_AmbientEquatorColor: {r: 0.114, g: 0.125, b: 0.133, a: 1}
  m_AmbientGroundColor: {r: 0.047, g: 0.043, b: 0.035, a: 1}
  m_AmbientIntensity: 1
  m_AmbientMode: 3
  m_SubtractiveShadowColor: {r: 0.42, g: 0.478, b: 0.627, a: 1}
  m_SkyboxMaterial: {fileID: 0}
  m_HaloStrength: 0.5
  m_FlareStrength: 1
  m_FlareFadeSpeed: 3
  m_HaloTexture: {fileID: 0}
  m_SpotCookie: {fileID: 10001, guid: 0000000000000000e000000000000000, type: 0}
  m_DefaultReflectionMode: 0
  m_DefaultReflectionResolution: 128
  m_ReflectionBounces: 1
  m_ReflectionIntensity: 1
  m_CustomReflection: {fileID: 0}
  m_Sun: {fileID: 0}
  m_IndirectSpecularColor: {r: 0, g: 0, b: 0, a: 1}
--- !u!157 &3
LightmapSettings:
  m_ObjectHideFlags: 0
  serializedVersion: 11
  m_GIWorkflowMode: 1
  m_GISettings:
    serializedVersion: 2
    m_BounceScale: 1
    m_IndirectOutputScale: 1
    m_AlbedoBoost: 1
    m_TemporalCoherenceThreshold: 1
    m_EnvironmentLightingMode: 0
    m_EnableBakedLightmaps: 0
    m_EnableRealtimeLightmaps: 0
  m_LightmapEditorSettings:
    serializedVersion: 9
    m_Resolution: 2
    m_BakeResolution: 40
    m_TextureWidth: 1024
    m_TextureHeight: 1024
    m_AO: 0
    m_AOMaxDistance: 1
    m_CompAOExponent: 1
    m_CompAOExponentDirect: 0
    m_Padding: 2
    m_LightmapParameters: {fileID: 0}
    m_LightmapsBakeMode: 1
    m_TextureCompression: 1
    m_FinalGather: 0
    m_FinalGatherFiltering: 1
    m_FinalGatherRayCount: 256
    m_ReflectionCompression: 2
    m_MixedBakeMode: 2
    m_BakeBackend: 0
    m_PVRSampling: 1
    m_PVRDirectSampleCount: 32
    m_PVRSampleCount: 500
    m_PVRBounces: 2
    m_PVRFilterTypeDirect: 0
    m_PVRFilterTypeIndirect: 0
    m_PVRFilterTypeAO: 0
    m_PVRFilteringMode: 1
    m_PVRCulling: 1
    m_PVRFilteringGaussRadiusDirect: 1
    m_PVRFilteringGaussRadiusIndirect: 5
    m_PVRFilteringGaussRadiusAO: 2
    m_PVRFilteringAtrousPositionSigmaDirect: 0.5
    m_PVRFilteringAtrousPositionSigmaIndirect: 2
    m_PVRFilteringAtrousPositionSigmaAO: 1
    m_ShowResolutionOverlay: 1
  m_LightingDataAsset: {fileID: 0}
  m_UseShadowmask: 1
--- !u!196 &4
NavMeshSettings:
  serializedVersion: 2
  m_ObjectHideFlags: 0
  m_BuildSettings:
    serializedVersion: 2
    agentTypeID: 0
    agentRadius: 0.5
    agentHeight: 2
    agentSlope: 45
    agentClimb: 0.4
    ledgeDropHeight: 0
    maxJumpAcrossDistance: 0
    minRegionArea: 2
    manualCellSize: 0
    cellSize: 0.16666667
    manualTileSize: 0
    tileSize: 256
    accuratePlacement: 0
    debug:
      m_Flags: 0
  m_NavMeshData: {fileID: 0}
--- !u!1001 &184977555
Prefab:
  m_ObjectHideFlags: 0
  serializedVersion: 2
  m_Modification:
    m_TransformParent: {fileID: 0}
    m_Modifications:
    - target: {fileID: 4083212941825770, guid: 564b2497ac0a2544592110edf4d3ba23, type: 2}
      propertyPath: m_LocalPosition.x
      value: -31.31955
      objectReference: {fileID: 0}
    - target: {fileID: 4083212941825770, guid: 564b2497ac0a2544592110edf4d3ba23, type: 2}
      propertyPath: m_LocalPosition.y
      value: 0.9398942
      objectReference: {fileID: 0}
    - target: {fileID: 4083212941825770, guid: 564b2497ac0a2544592110edf4d3ba23, type: 2}
      propertyPath: m_LocalPosition.z
      value: 0
      objectReference: {fileID: 0}
    - target: {fileID: 4083212941825770, guid: 564b2497ac0a2544592110edf4d3ba23, type: 2}
      propertyPath: m_LocalRotation.x
      value: 0
      objectReference: {fileID: 0}
    - target: {fileID: 4083212941825770, guid: 564b2497ac0a2544592110edf4d3ba23, type: 2}
      propertyPath: m_LocalRotation.y
      value: 0
      objectReference: {fileID: 0}
    - target: {fileID: 4083212941825770, guid: 564b2497ac0a2544592110edf4d3ba23, type: 2}
      propertyPath: m_LocalRotation.z
      value: 0
      objectReference: {fileID: 0}
    - target: {fileID: 4083212941825770, guid: 564b2497ac0a2544592110edf4d3ba23, type: 2}
      propertyPath: m_LocalRotation.w
      value: 1
      objectReference: {fileID: 0}
    - target: {fileID: 4083212941825770, guid: 564b2497ac0a2544592110edf4d3ba23, type: 2}
      propertyPath: m_RootOrder
      value: 21
      objectReference: {fileID: 0}
    - target: {fileID: 1865439467651808, guid: 564b2497ac0a2544592110edf4d3ba23, type: 2}
      propertyPath: m_Name
      value: Pillars (1)
      objectReference: {fileID: 0}
    m_RemovedComponents: []
  m_ParentPrefab: {fileID: 100100000, guid: 564b2497ac0a2544592110edf4d3ba23, type: 2}
  m_IsPrefabParent: 0
--- !u!1 &232571668
GameObject:
  m_ObjectHideFlags: 0
  m_PrefabParentObject: {fileID: 0}
  m_PrefabInternal: {fileID: 0}
  serializedVersion: 5
  m_Component:
  - component: {fileID: 232571670}
  - component: {fileID: 232571669}
  m_Layer: 0
  m_Name: PlayerOne
  m_TagString: Untagged
  m_Icon: {fileID: 0}
  m_NavMeshLayer: 0
  m_StaticEditorFlags: 0
  m_IsActive: 1
--- !u!114 &232571669
MonoBehaviour:
  m_ObjectHideFlags: 0
  m_PrefabParentObject: {fileID: 0}
  m_PrefabInternal: {fileID: 0}
  m_GameObject: {fileID: 232571668}
  m_Enabled: 1
  m_EditorHideFlags: 0
  m_Script: {fileID: 11500000, guid: 463cfc5b1823d904082c9c76e283ccc2, type: 3}
  m_Name: 
  m_EditorClassIdentifier: 
  pawn: {fileID: 1451608562}
  jumpKey: 32
  D: 100
  A: 97
  W: 119
  S: 115
--- !u!4 &232571670
Transform:
  m_ObjectHideFlags: 0
  m_PrefabParentObject: {fileID: 0}
  m_PrefabInternal: {fileID: 0}
  m_GameObject: {fileID: 232571668}
  m_LocalRotation: {x: -0, y: -0, z: -0, w: 1}
  m_LocalPosition: {x: 16.15, y: -2.89, z: 0}
  m_LocalScale: {x: 1, y: 1, z: 1}
  m_Children: []
  m_Father: {fileID: 1451608566}
  m_RootOrder: 1
  m_LocalEulerAnglesHint: {x: 0, y: 0, z: 0}
--- !u!1001 &232981575
Prefab:
  m_ObjectHideFlags: 0
  serializedVersion: 2
  m_Modification:
    m_TransformParent: {fileID: 0}
    m_Modifications:
    - target: {fileID: 4083212941825770, guid: 564b2497ac0a2544592110edf4d3ba23, type: 2}
      propertyPath: m_LocalPosition.x
      value: 43.481857
      objectReference: {fileID: 0}
    - target: {fileID: 4083212941825770, guid: 564b2497ac0a2544592110edf4d3ba23, type: 2}
      propertyPath: m_LocalPosition.y
      value: 9.410231
      objectReference: {fileID: 0}
    - target: {fileID: 4083212941825770, guid: 564b2497ac0a2544592110edf4d3ba23, type: 2}
      propertyPath: m_LocalPosition.z
      value: 0
      objectReference: {fileID: 0}
    - target: {fileID: 4083212941825770, guid: 564b2497ac0a2544592110edf4d3ba23, type: 2}
      propertyPath: m_LocalRotation.x
      value: 0
      objectReference: {fileID: 0}
    - target: {fileID: 4083212941825770, guid: 564b2497ac0a2544592110edf4d3ba23, type: 2}
      propertyPath: m_LocalRotation.y
      value: 0
      objectReference: {fileID: 0}
    - target: {fileID: 4083212941825770, guid: 564b2497ac0a2544592110edf4d3ba23, type: 2}
      propertyPath: m_LocalRotation.z
      value: 0
      objectReference: {fileID: 0}
    - target: {fileID: 4083212941825770, guid: 564b2497ac0a2544592110edf4d3ba23, type: 2}
      propertyPath: m_LocalRotation.w
      value: 1
      objectReference: {fileID: 0}
    - target: {fileID: 4083212941825770, guid: 564b2497ac0a2544592110edf4d3ba23, type: 2}
      propertyPath: m_RootOrder
      value: 13
      objectReference: {fileID: 0}
    - target: {fileID: 1865439467651808, guid: 564b2497ac0a2544592110edf4d3ba23, type: 2}
      propertyPath: m_Name
      value: Pillars (9)
      objectReference: {fileID: 0}
    m_RemovedComponents: []
  m_ParentPrefab: {fileID: 100100000, guid: 564b2497ac0a2544592110edf4d3ba23, type: 2}
  m_IsPrefabParent: 0
--- !u!1 &257501899
GameObject:
  m_ObjectHideFlags: 0
  m_PrefabParentObject: {fileID: 0}
  m_PrefabInternal: {fileID: 0}
  serializedVersion: 5
  m_Component:
  - component: {fileID: 257501902}
  - component: {fileID: 257501901}
  - component: {fileID: 257501900}
  m_Layer: 0
  m_Name: EventSystem
  m_TagString: Untagged
  m_Icon: {fileID: 0}
  m_NavMeshLayer: 0
  m_StaticEditorFlags: 0
  m_IsActive: 1
--- !u!114 &257501900
MonoBehaviour:
  m_ObjectHideFlags: 0
  m_PrefabParentObject: {fileID: 0}
  m_PrefabInternal: {fileID: 0}
  m_GameObject: {fileID: 257501899}
  m_Enabled: 1
  m_EditorHideFlags: 0
  m_Script: {fileID: 1077351063, guid: f70555f144d8491a825f0804e09c671c, type: 3}
  m_Name: 
  m_EditorClassIdentifier: 
  m_HorizontalAxis: Horizontal
  m_VerticalAxis: Vertical
  m_SubmitButton: Submit
  m_CancelButton: Cancel
  m_InputActionsPerSecond: 10
  m_RepeatDelay: 0.5
  m_ForceModuleActive: 0
--- !u!114 &257501901
MonoBehaviour:
  m_ObjectHideFlags: 0
  m_PrefabParentObject: {fileID: 0}
  m_PrefabInternal: {fileID: 0}
  m_GameObject: {fileID: 257501899}
  m_Enabled: 1
  m_EditorHideFlags: 0
  m_Script: {fileID: -619905303, guid: f70555f144d8491a825f0804e09c671c, type: 3}
  m_Name: 
  m_EditorClassIdentifier: 
  m_FirstSelected: {fileID: 0}
  m_sendNavigationEvents: 1
  m_DragThreshold: 5
--- !u!4 &257501902
Transform:
  m_ObjectHideFlags: 0
  m_PrefabParentObject: {fileID: 0}
  m_PrefabInternal: {fileID: 0}
  m_GameObject: {fileID: 257501899}
  m_LocalRotation: {x: 0, y: 0, z: 0, w: 1}
  m_LocalPosition: {x: 0, y: 0, z: 0}
  m_LocalScale: {x: 1, y: 1, z: 1}
  m_Children: []
  m_Father: {fileID: 0}
  m_RootOrder: 28
  m_LocalEulerAnglesHint: {x: 0, y: 0, z: 0}
--- !u!1001 &301114720
Prefab:
  m_ObjectHideFlags: 0
  serializedVersion: 2
  m_Modification:
    m_TransformParent: {fileID: 0}
    m_Modifications:
    - target: {fileID: 4815428846981182, guid: 88f33d9c4a66b464e8899e8027cbc55a, type: 2}
      propertyPath: m_LocalPosition.x
      value: 67.71
      objectReference: {fileID: 0}
    - target: {fileID: 4815428846981182, guid: 88f33d9c4a66b464e8899e8027cbc55a, type: 2}
      propertyPath: m_LocalPosition.y
      value: 1.59
      objectReference: {fileID: 0}
    - target: {fileID: 4815428846981182, guid: 88f33d9c4a66b464e8899e8027cbc55a, type: 2}
      propertyPath: m_LocalPosition.z
      value: 0
      objectReference: {fileID: 0}
    - target: {fileID: 4815428846981182, guid: 88f33d9c4a66b464e8899e8027cbc55a, type: 2}
      propertyPath: m_LocalRotation.x
      value: 0
      objectReference: {fileID: 0}
    - target: {fileID: 4815428846981182, guid: 88f33d9c4a66b464e8899e8027cbc55a, type: 2}
      propertyPath: m_LocalRotation.y
      value: 0
      objectReference: {fileID: 0}
    - target: {fileID: 4815428846981182, guid: 88f33d9c4a66b464e8899e8027cbc55a, type: 2}
      propertyPath: m_LocalRotation.z
      value: 0
      objectReference: {fileID: 0}
    - target: {fileID: 4815428846981182, guid: 88f33d9c4a66b464e8899e8027cbc55a, type: 2}
      propertyPath: m_LocalRotation.w
      value: 1
      objectReference: {fileID: 0}
    - target: {fileID: 4815428846981182, guid: 88f33d9c4a66b464e8899e8027cbc55a, type: 2}
      propertyPath: m_RootOrder
      value: 29
      objectReference: {fileID: 0}
    - target: {fileID: 1826902599905622, guid: 88f33d9c4a66b464e8899e8027cbc55a, type: 2}
      propertyPath: m_Name
      value: NextlvlCoin
      objectReference: {fileID: 0}
    m_RemovedComponents:
    - {fileID: 0}
  m_ParentPrefab: {fileID: 100100000, guid: 88f33d9c4a66b464e8899e8027cbc55a, type: 2}
  m_IsPrefabParent: 0
--- !u!1001 &350574698
Prefab:
  m_ObjectHideFlags: 0
  serializedVersion: 2
  m_Modification:
    m_TransformParent: {fileID: 0}
    m_Modifications:
    - target: {fileID: 4083212941825770, guid: 564b2497ac0a2544592110edf4d3ba23, type: 2}
      propertyPath: m_LocalPosition.x
      value: 13.6
      objectReference: {fileID: 0}
    - target: {fileID: 4083212941825770, guid: 564b2497ac0a2544592110edf4d3ba23, type: 2}
      propertyPath: m_LocalPosition.y
      value: 5.1
      objectReference: {fileID: 0}
    - target: {fileID: 4083212941825770, guid: 564b2497ac0a2544592110edf4d3ba23, type: 2}
      propertyPath: m_LocalPosition.z
      value: 0
      objectReference: {fileID: 0}
    - target: {fileID: 4083212941825770, guid: 564b2497ac0a2544592110edf4d3ba23, type: 2}
      propertyPath: m_LocalRotation.x
      value: 0
      objectReference: {fileID: 0}
    - target: {fileID: 4083212941825770, guid: 564b2497ac0a2544592110edf4d3ba23, type: 2}
      propertyPath: m_LocalRotation.y
      value: 0
      objectReference: {fileID: 0}
    - target: {fileID: 4083212941825770, guid: 564b2497ac0a2544592110edf4d3ba23, type: 2}
      propertyPath: m_LocalRotation.z
      value: 0
      objectReference: {fileID: 0}
    - target: {fileID: 4083212941825770, guid: 564b2497ac0a2544592110edf4d3ba23, type: 2}
      propertyPath: m_LocalRotation.w
      value: 1
      objectReference: {fileID: 0}
    - target: {fileID: 4083212941825770, guid: 564b2497ac0a2544592110edf4d3ba23, type: 2}
      propertyPath: m_RootOrder
      value: 16
      objectReference: {fileID: 0}
    - target: {fileID: 1865439467651808, guid: 564b2497ac0a2544592110edf4d3ba23, type: 2}
      propertyPath: m_Name
      value: Pillars (6)
      objectReference: {fileID: 0}
    m_RemovedComponents: []
  m_ParentPrefab: {fileID: 100100000, guid: 564b2497ac0a2544592110edf4d3ba23, type: 2}
  m_IsPrefabParent: 0
--- !u!1001 &352952251
Prefab:
  m_ObjectHideFlags: 0
  serializedVersion: 2
  m_Modification:
    m_TransformParent: {fileID: 0}
    m_Modifications:
    - target: {fileID: 4568130285840360, guid: 17106a58efe3fad4c8cd9b8f3a499b9a, type: 2}
      propertyPath: m_LocalPosition.x
      value: 49.804768
      objectReference: {fileID: 0}
    - target: {fileID: 4568130285840360, guid: 17106a58efe3fad4c8cd9b8f3a499b9a, type: 2}
      propertyPath: m_LocalPosition.y
      value: 1.1784964
      objectReference: {fileID: 0}
    - target: {fileID: 4568130285840360, guid: 17106a58efe3fad4c8cd9b8f3a499b9a, type: 2}
      propertyPath: m_LocalPosition.z
      value: 0
      objectReference: {fileID: 0}
    - target: {fileID: 4568130285840360, guid: 17106a58efe3fad4c8cd9b8f3a499b9a, type: 2}
      propertyPath: m_LocalRotation.x
      value: 0
      objectReference: {fileID: 0}
    - target: {fileID: 4568130285840360, guid: 17106a58efe3fad4c8cd9b8f3a499b9a, type: 2}
      propertyPath: m_LocalRotation.y
      value: 0
      objectReference: {fileID: 0}
    - target: {fileID: 4568130285840360, guid: 17106a58efe3fad4c8cd9b8f3a499b9a, type: 2}
      propertyPath: m_LocalRotation.z
      value: 0
      objectReference: {fileID: 0}
    - target: {fileID: 4568130285840360, guid: 17106a58efe3fad4c8cd9b8f3a499b9a, type: 2}
      propertyPath: m_LocalRotation.w
      value: 1
      objectReference: {fileID: 0}
    - target: {fileID: 4568130285840360, guid: 17106a58efe3fad4c8cd9b8f3a499b9a, type: 2}
      propertyPath: m_RootOrder
      value: 5
      objectReference: {fileID: 0}
    - target: {fileID: 1288171999792428, guid: 17106a58efe3fad4c8cd9b8f3a499b9a, type: 2}
      propertyPath: m_Name
      value: Sound_Coin (2)
      objectReference: {fileID: 0}
    m_RemovedComponents: []
  m_ParentPrefab: {fileID: 100100000, guid: 17106a58efe3fad4c8cd9b8f3a499b9a, type: 2}
  m_IsPrefabParent: 0
--- !u!1001 &431129046
Prefab:
  m_ObjectHideFlags: 0
  serializedVersion: 2
  m_Modification:
    m_TransformParent: {fileID: 0}
    m_Modifications:
    - target: {fileID: 4083212941825770, guid: 564b2497ac0a2544592110edf4d3ba23, type: 2}
      propertyPath: m_LocalPosition.x
      value: 42.527454
      objectReference: {fileID: 0}
    - target: {fileID: 4083212941825770, guid: 564b2497ac0a2544592110edf4d3ba23, type: 2}
      propertyPath: m_LocalPosition.y
      value: 5.2347126
      objectReference: {fileID: 0}
    - target: {fileID: 4083212941825770, guid: 564b2497ac0a2544592110edf4d3ba23, type: 2}
      propertyPath: m_LocalPosition.z
      value: 0
      objectReference: {fileID: 0}
    - target: {fileID: 4083212941825770, guid: 564b2497ac0a2544592110edf4d3ba23, type: 2}
      propertyPath: m_LocalRotation.x
      value: 0
      objectReference: {fileID: 0}
    - target: {fileID: 4083212941825770, guid: 564b2497ac0a2544592110edf4d3ba23, type: 2}
      propertyPath: m_LocalRotation.y
      value: 0
      objectReference: {fileID: 0}
    - target: {fileID: 4083212941825770, guid: 564b2497ac0a2544592110edf4d3ba23, type: 2}
      propertyPath: m_LocalRotation.z
      value: 0
      objectReference: {fileID: 0}
    - target: {fileID: 4083212941825770, guid: 564b2497ac0a2544592110edf4d3ba23, type: 2}
      propertyPath: m_LocalRotation.w
      value: 1
      objectReference: {fileID: 0}
    - target: {fileID: 4083212941825770, guid: 564b2497ac0a2544592110edf4d3ba23, type: 2}
      propertyPath: m_RootOrder
      value: 14
      objectReference: {fileID: 0}
    - target: {fileID: 1865439467651808, guid: 564b2497ac0a2544592110edf4d3ba23, type: 2}
      propertyPath: m_Name
      value: Pillars (8)
      objectReference: {fileID: 0}
    m_RemovedComponents: []
  m_ParentPrefab: {fileID: 100100000, guid: 564b2497ac0a2544592110edf4d3ba23, type: 2}
  m_IsPrefabParent: 0
--- !u!1001 &541178428
Prefab:
  m_ObjectHideFlags: 0
  serializedVersion: 2
  m_Modification:
    m_TransformParent: {fileID: 0}
    m_Modifications:
    - target: {fileID: 4568130285840360, guid: 17106a58efe3fad4c8cd9b8f3a499b9a, type: 2}
      propertyPath: m_LocalPosition.x
      value: 3.96
      objectReference: {fileID: 0}
    - target: {fileID: 4568130285840360, guid: 17106a58efe3fad4c8cd9b8f3a499b9a, type: 2}
      propertyPath: m_LocalPosition.y
      value: 2.15
      objectReference: {fileID: 0}
    - target: {fileID: 4568130285840360, guid: 17106a58efe3fad4c8cd9b8f3a499b9a, type: 2}
      propertyPath: m_LocalPosition.z
      value: 0
      objectReference: {fileID: 0}
    - target: {fileID: 4568130285840360, guid: 17106a58efe3fad4c8cd9b8f3a499b9a, type: 2}
      propertyPath: m_LocalRotation.x
      value: 0
      objectReference: {fileID: 0}
    - target: {fileID: 4568130285840360, guid: 17106a58efe3fad4c8cd9b8f3a499b9a, type: 2}
      propertyPath: m_LocalRotation.y
      value: 0
      objectReference: {fileID: 0}
    - target: {fileID: 4568130285840360, guid: 17106a58efe3fad4c8cd9b8f3a499b9a, type: 2}
      propertyPath: m_LocalRotation.z
      value: 0
      objectReference: {fileID: 0}
    - target: {fileID: 4568130285840360, guid: 17106a58efe3fad4c8cd9b8f3a499b9a, type: 2}
      propertyPath: m_LocalRotation.w
      value: 1
      objectReference: {fileID: 0}
    - target: {fileID: 4568130285840360, guid: 17106a58efe3fad4c8cd9b8f3a499b9a, type: 2}
      propertyPath: m_RootOrder
      value: 22
      objectReference: {fileID: 0}
    - target: {fileID: 1288171999792428, guid: 17106a58efe3fad4c8cd9b8f3a499b9a, type: 2}
      propertyPath: m_Name
      value: Sound/Coin
      objectReference: {fileID: 0}
    m_RemovedComponents: []
  m_ParentPrefab: {fileID: 100100000, guid: 17106a58efe3fad4c8cd9b8f3a499b9a, type: 2}
  m_IsPrefabParent: 0
--- !u!1 &551928044
GameObject:
  m_ObjectHideFlags: 0
  m_PrefabParentObject: {fileID: 0}
  m_PrefabInternal: {fileID: 0}
  serializedVersion: 5
  m_Component:
  - component: {fileID: 551928045}
  - component: {fileID: 551928047}
  - component: {fileID: 551928046}
  m_Layer: 0
  m_Name: GameObject
  m_TagString: Untagged
  m_Icon: {fileID: 571167235653111936, guid: 0000000000000000d000000000000000, type: 0}
  m_NavMeshLayer: 0
  m_StaticEditorFlags: 0
  m_IsActive: 1
--- !u!4 &551928045
Transform:
  m_ObjectHideFlags: 0
  m_PrefabParentObject: {fileID: 0}
  m_PrefabInternal: {fileID: 0}
  m_GameObject: {fileID: 551928044}
  m_LocalRotation: {x: -0, y: -0, z: -0, w: 1}
  m_LocalPosition: {x: -0.30971834, y: -0.6336537, z: -0.15315431}
  m_LocalScale: {x: 10, y: 0.54113144, z: 1}
  m_Children: []
  m_Father: {fileID: 1081759059}
  m_RootOrder: 0
  m_LocalEulerAnglesHint: {x: 0, y: 0, z: 0}
--- !u!61 &551928046
BoxCollider2D:
  m_ObjectHideFlags: 0
  m_PrefabParentObject: {fileID: 0}
  m_PrefabInternal: {fileID: 0}
  m_GameObject: {fileID: 551928044}
  m_Enabled: 1
  m_Density: 1
  m_Material: {fileID: 0}
  m_IsTrigger: 1
  m_UsedByEffector: 0
  m_UsedByComposite: 0
  m_Offset: {x: 0.22698492, y: 5.190975}
  m_SpriteTilingProperty:
    border: {x: 0, y: 0, z: 0, w: 0}
    pivot: {x: 0, y: 0}
    oldSize: {x: 0, y: 0}
    newSize: {x: 0, y: 0}
    adaptiveTilingThreshold: 0
    drawMode: 0
    adaptiveTiling: 0
  m_AutoTiling: 0
  serializedVersion: 2
  m_Size: {x: 1.1556933, y: 11.828972}
  m_EdgeRadius: 0
--- !u!114 &551928047
MonoBehaviour:
  m_ObjectHideFlags: 0
  m_PrefabParentObject: {fileID: 0}
  m_PrefabInternal: {fileID: 0}
  m_GameObject: {fileID: 551928044}
  m_Enabled: 1
  m_EditorHideFlags: 0
  m_Script: {fileID: 11500000, guid: 9d855d222c36bf145ba851ec688b60ec, type: 3}
  m_Name: 
  m_EditorClassIdentifier: 
--- !u!1001 &562472501
Prefab:
  m_ObjectHideFlags: 0
  serializedVersion: 2
  m_Modification:
    m_TransformParent: {fileID: 0}
    m_Modifications:
    - target: {fileID: 4568130285840360, guid: 17106a58efe3fad4c8cd9b8f3a499b9a, type: 2}
      propertyPath: m_LocalPosition.x
      value: -10.561239
      objectReference: {fileID: 0}
    - target: {fileID: 4568130285840360, guid: 17106a58efe3fad4c8cd9b8f3a499b9a, type: 2}
      propertyPath: m_LocalPosition.y
      value: 4.996111
      objectReference: {fileID: 0}
    - target: {fileID: 4568130285840360, guid: 17106a58efe3fad4c8cd9b8f3a499b9a, type: 2}
      propertyPath: m_LocalPosition.z
      value: 0
      objectReference: {fileID: 0}
    - target: {fileID: 4568130285840360, guid: 17106a58efe3fad4c8cd9b8f3a499b9a, type: 2}
      propertyPath: m_LocalRotation.x
      value: 0
      objectReference: {fileID: 0}
    - target: {fileID: 4568130285840360, guid: 17106a58efe3fad4c8cd9b8f3a499b9a, type: 2}
      propertyPath: m_LocalRotation.y
      value: 0
      objectReference: {fileID: 0}
    - target: {fileID: 4568130285840360, guid: 17106a58efe3fad4c8cd9b8f3a499b9a, type: 2}
      propertyPath: m_LocalRotation.z
      value: 0
      objectReference: {fileID: 0}
    - target: {fileID: 4568130285840360, guid: 17106a58efe3fad4c8cd9b8f3a499b9a, type: 2}
      propertyPath: m_LocalRotation.w
      value: 1
      objectReference: {fileID: 0}
    - target: {fileID: 4568130285840360, guid: 17106a58efe3fad4c8cd9b8f3a499b9a, type: 2}
      propertyPath: m_RootOrder
      value: 1
      objectReference: {fileID: 0}
    - target: {fileID: 1288171999792428, guid: 17106a58efe3fad4c8cd9b8f3a499b9a, type: 2}
      propertyPath: m_Name
      value: Sound_Coin (7)
      objectReference: {fileID: 0}
    m_RemovedComponents: []
  m_ParentPrefab: {fileID: 100100000, guid: 17106a58efe3fad4c8cd9b8f3a499b9a, type: 2}
  m_IsPrefabParent: 0
--- !u!1001 &643325544
Prefab:
  m_ObjectHideFlags: 0
  serializedVersion: 2
  m_Modification:
    m_TransformParent: {fileID: 0}
    m_Modifications:
    - target: {fileID: 4568130285840360, guid: 17106a58efe3fad4c8cd9b8f3a499b9a, type: 2}
      propertyPath: m_LocalPosition.x
      value: 44.316948
      objectReference: {fileID: 0}
    - target: {fileID: 4568130285840360, guid: 17106a58efe3fad4c8cd9b8f3a499b9a, type: 2}
      propertyPath: m_LocalPosition.y
      value: 12.989244
      objectReference: {fileID: 0}
    - target: {fileID: 4568130285840360, guid: 17106a58efe3fad4c8cd9b8f3a499b9a, type: 2}
      propertyPath: m_LocalPosition.z
      value: 0
      objectReference: {fileID: 0}
    - target: {fileID: 4568130285840360, guid: 17106a58efe3fad4c8cd9b8f3a499b9a, type: 2}
      propertyPath: m_LocalRotation.x
      value: 0
      objectReference: {fileID: 0}
    - target: {fileID: 4568130285840360, guid: 17106a58efe3fad4c8cd9b8f3a499b9a, type: 2}
      propertyPath: m_LocalRotation.y
      value: 0
      objectReference: {fileID: 0}
    - target: {fileID: 4568130285840360, guid: 17106a58efe3fad4c8cd9b8f3a499b9a, type: 2}
      propertyPath: m_LocalRotation.z
      value: 0
      objectReference: {fileID: 0}
    - target: {fileID: 4568130285840360, guid: 17106a58efe3fad4c8cd9b8f3a499b9a, type: 2}
      propertyPath: m_LocalRotation.w
      value: 1
      objectReference: {fileID: 0}
    - target: {fileID: 4568130285840360, guid: 17106a58efe3fad4c8cd9b8f3a499b9a, type: 2}
      propertyPath: m_RootOrder
      value: 6
      objectReference: {fileID: 0}
    - target: {fileID: 1288171999792428, guid: 17106a58efe3fad4c8cd9b8f3a499b9a, type: 2}
      propertyPath: m_Name
      value: Sound_Coin (1)
      objectReference: {fileID: 0}
    m_RemovedComponents: []
  m_ParentPrefab: {fileID: 100100000, guid: 17106a58efe3fad4c8cd9b8f3a499b9a, type: 2}
  m_IsPrefabParent: 0
--- !u!1001 &654016206
Prefab:
  m_ObjectHideFlags: 0
  serializedVersion: 2
  m_Modification:
    m_TransformParent: {fileID: 0}
    m_Modifications:
    - target: {fileID: 4568130285840360, guid: 17106a58efe3fad4c8cd9b8f3a499b9a, type: 2}
      propertyPath: m_LocalPosition.x
      value: 22.72356
      objectReference: {fileID: 0}
    - target: {fileID: 4568130285840360, guid: 17106a58efe3fad4c8cd9b8f3a499b9a, type: 2}
      propertyPath: m_LocalPosition.y
      value: 3.0873048
      objectReference: {fileID: 0}
    - target: {fileID: 4568130285840360, guid: 17106a58efe3fad4c8cd9b8f3a499b9a, type: 2}
      propertyPath: m_LocalPosition.z
      value: 0
      objectReference: {fileID: 0}
    - target: {fileID: 4568130285840360, guid: 17106a58efe3fad4c8cd9b8f3a499b9a, type: 2}
      propertyPath: m_LocalRotation.x
      value: 0
      objectReference: {fileID: 0}
    - target: {fileID: 4568130285840360, guid: 17106a58efe3fad4c8cd9b8f3a499b9a, type: 2}
      propertyPath: m_LocalRotation.y
      value: 0
      objectReference: {fileID: 0}
    - target: {fileID: 4568130285840360, guid: 17106a58efe3fad4c8cd9b8f3a499b9a, type: 2}
      propertyPath: m_LocalRotation.z
      value: 0
      objectReference: {fileID: 0}
    - target: {fileID: 4568130285840360, guid: 17106a58efe3fad4c8cd9b8f3a499b9a, type: 2}
      propertyPath: m_LocalRotation.w
      value: 1
      objectReference: {fileID: 0}
    - target: {fileID: 4568130285840360, guid: 17106a58efe3fad4c8cd9b8f3a499b9a, type: 2}
      propertyPath: m_RootOrder
      value: 4
      objectReference: {fileID: 0}
    - target: {fileID: 1288171999792428, guid: 17106a58efe3fad4c8cd9b8f3a499b9a, type: 2}
      propertyPath: m_Name
      value: Sound_Coin (3)
      objectReference: {fileID: 0}
    m_RemovedComponents: []
  m_ParentPrefab: {fileID: 100100000, guid: 17106a58efe3fad4c8cd9b8f3a499b9a, type: 2}
  m_IsPrefabParent: 0
--- !u!1001 &659718758
Prefab:
  m_ObjectHideFlags: 0
  serializedVersion: 2
  m_Modification:
    m_TransformParent: {fileID: 0}
    m_Modifications:
    - target: {fileID: 4083212941825770, guid: 564b2497ac0a2544592110edf4d3ba23, type: 2}
      propertyPath: m_LocalPosition.x
      value: 43.004642
      objectReference: {fileID: 0}
    - target: {fileID: 4083212941825770, guid: 564b2497ac0a2544592110edf4d3ba23, type: 2}
      propertyPath: m_LocalPosition.y
      value: 0.7012944
      objectReference: {fileID: 0}
    - target: {fileID: 4083212941825770, guid: 564b2497ac0a2544592110edf4d3ba23, type: 2}
      propertyPath: m_LocalPosition.z
      value: 0
      objectReference: {fileID: 0}
    - target: {fileID: 4083212941825770, guid: 564b2497ac0a2544592110edf4d3ba23, type: 2}
      propertyPath: m_LocalRotation.x
      value: 0
      objectReference: {fileID: 0}
    - target: {fileID: 4083212941825770, guid: 564b2497ac0a2544592110edf4d3ba23, type: 2}
      propertyPath: m_LocalRotation.y
      value: 0
      objectReference: {fileID: 0}
    - target: {fileID: 4083212941825770, guid: 564b2497ac0a2544592110edf4d3ba23, type: 2}
      propertyPath: m_LocalRotation.z
      value: 0
      objectReference: {fileID: 0}
    - target: {fileID: 4083212941825770, guid: 564b2497ac0a2544592110edf4d3ba23, type: 2}
      propertyPath: m_LocalRotation.w
      value: 1
      objectReference: {fileID: 0}
    - target: {fileID: 4083212941825770, guid: 564b2497ac0a2544592110edf4d3ba23, type: 2}
      propertyPath: m_RootOrder
      value: 8
      objectReference: {fileID: 0}
    - target: {fileID: 1865439467651808, guid: 564b2497ac0a2544592110edf4d3ba23, type: 2}
      propertyPath: m_Name
      value: Pillars (14)
      objectReference: {fileID: 0}
    m_RemovedComponents: []
  m_ParentPrefab: {fileID: 100100000, guid: 564b2497ac0a2544592110edf4d3ba23, type: 2}
  m_IsPrefabParent: 0
--- !u!1001 &668737183
Prefab:
  m_ObjectHideFlags: 0
  serializedVersion: 2
  m_Modification:
    m_TransformParent: {fileID: 0}
    m_Modifications:
    - target: {fileID: 4568130285840360, guid: 17106a58efe3fad4c8cd9b8f3a499b9a, type: 2}
      propertyPath: m_LocalPosition.x
      value: 14.611126
      objectReference: {fileID: 0}
    - target: {fileID: 4568130285840360, guid: 17106a58efe3fad4c8cd9b8f3a499b9a, type: 2}
      propertyPath: m_LocalPosition.y
      value: 9.5295315
      objectReference: {fileID: 0}
    - target: {fileID: 4568130285840360, guid: 17106a58efe3fad4c8cd9b8f3a499b9a, type: 2}
      propertyPath: m_LocalPosition.z
      value: 0
      objectReference: {fileID: 0}
    - target: {fileID: 4568130285840360, guid: 17106a58efe3fad4c8cd9b8f3a499b9a, type: 2}
      propertyPath: m_LocalRotation.x
      value: 0
      objectReference: {fileID: 0}
    - target: {fileID: 4568130285840360, guid: 17106a58efe3fad4c8cd9b8f3a499b9a, type: 2}
      propertyPath: m_LocalRotation.y
      value: 0
      objectReference: {fileID: 0}
    - target: {fileID: 4568130285840360, guid: 17106a58efe3fad4c8cd9b8f3a499b9a, type: 2}
      propertyPath: m_LocalRotation.z
      value: 0
      objectReference: {fileID: 0}
    - target: {fileID: 4568130285840360, guid: 17106a58efe3fad4c8cd9b8f3a499b9a, type: 2}
      propertyPath: m_LocalRotation.w
      value: 1
      objectReference: {fileID: 0}
    - target: {fileID: 4568130285840360, guid: 17106a58efe3fad4c8cd9b8f3a499b9a, type: 2}
      propertyPath: m_RootOrder
      value: 7
      objectReference: {fileID: 0}
    m_RemovedComponents: []
  m_ParentPrefab: {fileID: 100100000, guid: 17106a58efe3fad4c8cd9b8f3a499b9a, type: 2}
  m_IsPrefabParent: 0
--- !u!1 &704793130
GameObject:
  m_ObjectHideFlags: 0
  m_PrefabParentObject: {fileID: 0}
  m_PrefabInternal: {fileID: 0}
  serializedVersion: 5
  m_Component:
  - component: {fileID: 704793134}
  - component: {fileID: 704793133}
  - component: {fileID: 704793132}
  m_Layer: 0
  m_Name: Main Camera
  m_TagString: MainCamera
  m_Icon: {fileID: 0}
  m_NavMeshLayer: 0
  m_StaticEditorFlags: 0
  m_IsActive: 1
--- !u!124 &704793132
Behaviour:
  m_ObjectHideFlags: 0
  m_PrefabParentObject: {fileID: 0}
  m_PrefabInternal: {fileID: 0}
  m_GameObject: {fileID: 704793130}
  m_Enabled: 1
--- !u!20 &704793133
Camera:
  m_ObjectHideFlags: 0
  m_PrefabParentObject: {fileID: 0}
  m_PrefabInternal: {fileID: 0}
  m_GameObject: {fileID: 704793130}
  m_Enabled: 1
  serializedVersion: 2
  m_ClearFlags: 1
  m_BackGroundColor: {r: 0.034482475, g: 0, b: 1, a: 0}
  m_NormalizedViewPortRect:
    serializedVersion: 2
    x: 0
    y: 0
    width: 1
    height: 1
  near clip plane: 0.3
  far clip plane: 1000
  field of view: 60
  orthographic: 1
  orthographic size: 9.503129
  m_Depth: -1
  m_CullingMask:
    serializedVersion: 2
    m_Bits: 4294967295
  m_RenderingPath: -1
  m_TargetTexture: {fileID: 0}
  m_TargetDisplay: 0
  m_TargetEye: 3
  m_HDR: 1
  m_AllowMSAA: 1
  m_AllowDynamicResolution: 0
  m_ForceIntoRT: 0
  m_OcclusionCulling: 1
  m_StereoConvergence: 10
  m_StereoSeparation: 0.022
--- !u!4 &704793134
Transform:
  m_ObjectHideFlags: 0
  m_PrefabParentObject: {fileID: 0}
  m_PrefabInternal: {fileID: 0}
  m_GameObject: {fileID: 704793130}
  m_LocalRotation: {x: -0, y: -0, z: -0, w: 1}
  m_LocalPosition: {x: 0, y: 2.89, z: -10}
  m_LocalScale: {x: 1, y: 1, z: 1}
  m_Children: []
  m_Father: {fileID: 1451608566}
  m_RootOrder: 0
  m_LocalEulerAnglesHint: {x: 0, y: 0, z: 0}
--- !u!1001 &799830105
Prefab:
  m_ObjectHideFlags: 0
  serializedVersion: 2
  m_Modification:
    m_TransformParent: {fileID: 0}
    m_Modifications:
    - target: {fileID: 4083212941825770, guid: 564b2497ac0a2544592110edf4d3ba23, type: 2}
      propertyPath: m_LocalPosition.x
      value: -31.080952
      objectReference: {fileID: 0}
    - target: {fileID: 4083212941825770, guid: 564b2497ac0a2544592110edf4d3ba23, type: 2}
      propertyPath: m_LocalPosition.y
      value: 9.29093
      objectReference: {fileID: 0}
    - target: {fileID: 4083212941825770, guid: 564b2497ac0a2544592110edf4d3ba23, type: 2}
      propertyPath: m_LocalPosition.z
      value: 0
      objectReference: {fileID: 0}
    - target: {fileID: 4083212941825770, guid: 564b2497ac0a2544592110edf4d3ba23, type: 2}
      propertyPath: m_LocalRotation.x
      value: 0
      objectReference: {fileID: 0}
    - target: {fileID: 4083212941825770, guid: 564b2497ac0a2544592110edf4d3ba23, type: 2}
      propertyPath: m_LocalRotation.y
      value: 0
      objectReference: {fileID: 0}
    - target: {fileID: 4083212941825770, guid: 564b2497ac0a2544592110edf4d3ba23, type: 2}
      propertyPath: m_LocalRotation.z
      value: 0
      objectReference: {fileID: 0}
    - target: {fileID: 4083212941825770, guid: 564b2497ac0a2544592110edf4d3ba23, type: 2}
      propertyPath: m_LocalRotation.w
      value: 1
      objectReference: {fileID: 0}
    - target: {fileID: 4083212941825770, guid: 564b2497ac0a2544592110edf4d3ba23, type: 2}
      propertyPath: m_RootOrder
      value: 19
      objectReference: {fileID: 0}
    - target: {fileID: 1865439467651808, guid: 564b2497ac0a2544592110edf4d3ba23, type: 2}
      propertyPath: m_Name
      value: Pillars (3)
      objectReference: {fileID: 0}
    m_RemovedComponents: []
  m_ParentPrefab: {fileID: 100100000, guid: 564b2497ac0a2544592110edf4d3ba23, type: 2}
  m_IsPrefabParent: 0
--- !u!1001 &863714201
Prefab:
  m_ObjectHideFlags: 0
  serializedVersion: 2
  m_Modification:
    m_TransformParent: {fileID: 0}
    m_Modifications:
    - target: {fileID: 4083212941825770, guid: 564b2497ac0a2544592110edf4d3ba23, type: 2}
      propertyPath: m_LocalPosition.x
      value: 44.79415
      objectReference: {fileID: 0}
    - target: {fileID: 4083212941825770, guid: 564b2497ac0a2544592110edf4d3ba23, type: 2}
      propertyPath: m_LocalPosition.y
      value: 5.5926147
      objectReference: {fileID: 0}
    - target: {fileID: 4083212941825770, guid: 564b2497ac0a2544592110edf4d3ba23, type: 2}
      propertyPath: m_LocalPosition.z
      value: 0
      objectReference: {fileID: 0}
    - target: {fileID: 4083212941825770, guid: 564b2497ac0a2544592110edf4d3ba23, type: 2}
      propertyPath: m_LocalRotation.x
      value: 0
      objectReference: {fileID: 0}
    - target: {fileID: 4083212941825770, guid: 564b2497ac0a2544592110edf4d3ba23, type: 2}
      propertyPath: m_LocalRotation.y
      value: 0
      objectReference: {fileID: 0}
    - target: {fileID: 4083212941825770, guid: 564b2497ac0a2544592110edf4d3ba23, type: 2}
      propertyPath: m_LocalRotation.z
      value: 0
      objectReference: {fileID: 0}
    - target: {fileID: 4083212941825770, guid: 564b2497ac0a2544592110edf4d3ba23, type: 2}
      propertyPath: m_LocalRotation.w
      value: 1
      objectReference: {fileID: 0}
    - target: {fileID: 4083212941825770, guid: 564b2497ac0a2544592110edf4d3ba23, type: 2}
      propertyPath: m_RootOrder
      value: 12
      objectReference: {fileID: 0}
    - target: {fileID: 1865439467651808, guid: 564b2497ac0a2544592110edf4d3ba23, type: 2}
      propertyPath: m_Name
      value: Pillars (10)
      objectReference: {fileID: 0}
    m_RemovedComponents: []
  m_ParentPrefab: {fileID: 100100000, guid: 564b2497ac0a2544592110edf4d3ba23, type: 2}
  m_IsPrefabParent: 0
--- !u!1 &1081759055
GameObject:
  m_ObjectHideFlags: 0
  m_PrefabParentObject: {fileID: 0}
  m_PrefabInternal: {fileID: 0}
  serializedVersion: 5
  m_Component:
  - component: {fileID: 1081759059}
  - component: {fileID: 1081759058}
  m_Layer: 0
  m_Name: space_flight_sky_stars_82970_1920x1080
  m_TagString: Untagged
  m_Icon: {fileID: 0}
  m_NavMeshLayer: 0
  m_StaticEditorFlags: 0
  m_IsActive: 1
--- !u!212 &1081759058
SpriteRenderer:
  m_ObjectHideFlags: 0
  m_PrefabParentObject: {fileID: 0}
  m_PrefabInternal: {fileID: 0}
  m_GameObject: {fileID: 1081759055}
  m_Enabled: 1
  m_CastShadows: 0
  m_ReceiveShadows: 0
  m_DynamicOccludee: 1
  m_MotionVectors: 1
  m_LightProbeUsage: 1
  m_ReflectionProbeUsage: 1
  m_Materials:
  - {fileID: 10754, guid: 0000000000000000f000000000000000, type: 0}
  m_StaticBatchInfo:
    firstSubMesh: 0
    subMeshCount: 0
  m_StaticBatchRoot: {fileID: 0}
  m_ProbeAnchor: {fileID: 0}
  m_LightProbeVolumeOverride: {fileID: 0}
  m_ScaleInLightmap: 1
  m_PreserveUVs: 0
  m_IgnoreNormalsForChartDetection: 0
  m_ImportantGI: 0
  m_StitchLightmapSeams: 0
  m_SelectedEditorRenderState: 0
  m_MinimumChartSize: 4
  m_AutoUVMaxDistance: 0.5
  m_AutoUVMaxAngle: 89
  m_LightmapParameters: {fileID: 0}
  m_SortingLayerID: 0
  m_SortingLayer: 0
  m_SortingOrder: -1
  m_Sprite: {fileID: 21300000, guid: 11ad35f53b585524d86b62de6fc71e38, type: 3}
  m_Color: {r: 1, g: 1, b: 1, a: 1}
  m_FlipX: 0
  m_FlipY: 0
  m_DrawMode: 0
  m_Size: {x: 19.2, y: 10.8}
  m_AdaptiveModeThreshold: 0.5
  m_SpriteTileMode: 0
  m_WasSpriteAssigned: 1
  m_MaskInteraction: 0
--- !u!4 &1081759059
Transform:
  m_ObjectHideFlags: 0
  m_PrefabParentObject: {fileID: 0}
  m_PrefabInternal: {fileID: 0}
  m_GameObject: {fileID: 1081759055}
  m_LocalRotation: {x: 0, y: 0, z: 0, w: 1}
  m_LocalPosition: {x: 1.2, y: 0.41, z: 0}
  m_LocalScale: {x: 10.121136, y: 10.071784, z: 1}
  m_Children:
  - {fileID: 551928045}
  m_Father: {fileID: 0}
  m_RootOrder: 26
  m_LocalEulerAnglesHint: {x: 0, y: 0, z: 0}
--- !u!1 &1109400868
GameObject:
  m_ObjectHideFlags: 0
  m_PrefabParentObject: {fileID: 1826902599905622, guid: 88f33d9c4a66b464e8899e8027cbc55a,
    type: 2}
  m_PrefabInternal: {fileID: 301114720}
  serializedVersion: 5
  m_Component:
  - component: {fileID: 1109400872}
  - component: {fileID: 1109400871}
  - component: {fileID: 1109400869}
  - component: {fileID: 1109400870}
  m_Layer: 0
  m_Name: NextlvlCoin
  m_TagString: Untagged
  m_Icon: {fileID: 0}
  m_NavMeshLayer: 0
  m_StaticEditorFlags: 0
  m_IsActive: 1
--- !u!60 &1109400869
PolygonCollider2D:
  m_ObjectHideFlags: 0
  m_PrefabParentObject: {fileID: 60431749751342224, guid: 88f33d9c4a66b464e8899e8027cbc55a,
    type: 2}
  m_PrefabInternal: {fileID: 301114720}
  m_GameObject: {fileID: 1109400868}
  m_Enabled: 1
  m_Density: 1
  m_Material: {fileID: 0}
  m_IsTrigger: 1
  m_UsedByEffector: 0
  m_UsedByComposite: 0
  m_Offset: {x: 0, y: 0}
  m_SpriteTilingProperty:
    border: {x: 0, y: 0, z: 0, w: 0}
    pivot: {x: 0.5, y: 0.5}
    oldSize: {x: 20, y: 21}
    newSize: {x: 20, y: 21}
    adaptiveTilingThreshold: 0.5
    drawMode: 0
    adaptiveTiling: 0
  m_AutoTiling: 0
  m_Points:
    m_Paths:
    - - {x: 4.266667, y: 8.523077}
      - {x: -5.497436, y: 8.523077}
      - {x: -5.7128205, y: 8.492308}
      - {x: -5.0153847, y: 7.497436}
      - {x: -6.020513, y: 6.5538464}
      - {x: -7.0153847, y: 4.666667}
      - {x: -7.0153847, y: -3.5589745}
      - {x: -6.020513, y: -5.497436}
      - {x: -6, y: -5.517949}
      - {x: -4.2871795, y: -7.517949}
      - {x: 4.6871796, y: -7.517949}
      - {x: 5.8564105, y: -7.34359}
      - {x: 7.0153847, y: -2.7076924}
      - {x: 7.0153847, y: 3.5692308}
      - {x: 5.046154, y: 7.517949}
--- !u!114 &1109400870
MonoBehaviour:
  m_ObjectHideFlags: 0
  m_PrefabParentObject: {fileID: 0}
  m_PrefabInternal: {fileID: 0}
  m_GameObject: {fileID: 1109400868}
  m_Enabled: 1
  m_EditorHideFlags: 0
  m_Script: {fileID: 11500000, guid: 765d7fc30d4e640428f463b776a6300e, type: 3}
  m_Name: 
  m_EditorClassIdentifier: 
  soundToPlay: {fileID: 8300000, guid: ac50fc3a7cc96434eaa5a847f35d4689, type: 3}
--- !u!212 &1109400871
SpriteRenderer:
  m_ObjectHideFlags: 0
  m_PrefabParentObject: {fileID: 212635340521519698, guid: 88f33d9c4a66b464e8899e8027cbc55a,
    type: 2}
  m_PrefabInternal: {fileID: 301114720}
  m_GameObject: {fileID: 1109400868}
  m_Enabled: 1
  m_CastShadows: 0
  m_ReceiveShadows: 0
  m_DynamicOccludee: 1
  m_MotionVectors: 1
  m_LightProbeUsage: 1
  m_ReflectionProbeUsage: 1
  m_Materials:
  - {fileID: 10754, guid: 0000000000000000f000000000000000, type: 0}
  m_StaticBatchInfo:
    firstSubMesh: 0
    subMeshCount: 0
  m_StaticBatchRoot: {fileID: 0}
  m_ProbeAnchor: {fileID: 0}
  m_LightProbeVolumeOverride: {fileID: 0}
  m_ScaleInLightmap: 1
  m_PreserveUVs: 0
  m_IgnoreNormalsForChartDetection: 0
  m_ImportantGI: 0
  m_StitchLightmapSeams: 0
  m_SelectedEditorRenderState: 0
  m_MinimumChartSize: 4
  m_AutoUVMaxDistance: 0.5
  m_AutoUVMaxAngle: 89
  m_LightmapParameters: {fileID: 0}
  m_SortingLayerID: 0
  m_SortingLayer: 0
  m_SortingOrder: 0
  m_Sprite: {fileID: 21300000, guid: 08526a659ec156f41846a54c03588564, type: 3}
  m_Color: {r: 1, g: 1, b: 1, a: 1}
  m_FlipX: 0
  m_FlipY: 0
  m_DrawMode: 0
  m_Size: {x: 20, y: 21}
  m_AdaptiveModeThreshold: 0.5
  m_SpriteTileMode: 0
  m_WasSpriteAssigned: 1
  m_MaskInteraction: 0
--- !u!4 &1109400872
Transform:
  m_ObjectHideFlags: 0
  m_PrefabParentObject: {fileID: 4815428846981182, guid: 88f33d9c4a66b464e8899e8027cbc55a,
    type: 2}
  m_PrefabInternal: {fileID: 301114720}
  m_GameObject: {fileID: 1109400868}
  m_LocalRotation: {x: 0, y: 0, z: 0, w: 1}
  m_LocalPosition: {x: 67.71, y: 1.59, z: 0}
  m_LocalScale: {x: 0.09, y: 0.09, z: 1}
  m_Children: []
  m_Father: {fileID: 0}
  m_RootOrder: 29
  m_LocalEulerAnglesHint: {x: 0, y: 0, z: 0}
--- !u!1001 &1293930415
Prefab:
  m_ObjectHideFlags: 0
  serializedVersion: 2
  m_Modification:
    m_TransformParent: {fileID: 0}
    m_Modifications:
    - target: {fileID: 4083212941825770, guid: 564b2497ac0a2544592110edf4d3ba23, type: 2}
      propertyPath: m_LocalPosition.x
      value: 45.509953
      objectReference: {fileID: 0}
    - target: {fileID: 4083212941825770, guid: 564b2497ac0a2544592110edf4d3ba23, type: 2}
      propertyPath: m_LocalPosition.y
      value: 0.7012944
      objectReference: {fileID: 0}
    - target: {fileID: 4083212941825770, guid: 564b2497ac0a2544592110edf4d3ba23, type: 2}
      propertyPath: m_LocalPosition.z
      value: 0
      objectReference: {fileID: 0}
    - target: {fileID: 4083212941825770, guid: 564b2497ac0a2544592110edf4d3ba23, type: 2}
      propertyPath: m_LocalRotation.x
      value: 0
      objectReference: {fileID: 0}
    - target: {fileID: 4083212941825770, guid: 564b2497ac0a2544592110edf4d3ba23, type: 2}
      propertyPath: m_LocalRotation.y
      value: 0
      objectReference: {fileID: 0}
    - target: {fileID: 4083212941825770, guid: 564b2497ac0a2544592110edf4d3ba23, type: 2}
      propertyPath: m_LocalRotation.z
      value: 0
      objectReference: {fileID: 0}
    - target: {fileID: 4083212941825770, guid: 564b2497ac0a2544592110edf4d3ba23, type: 2}
      propertyPath: m_LocalRotation.w
      value: 1
      objectReference: {fileID: 0}
    - target: {fileID: 4083212941825770, guid: 564b2497ac0a2544592110edf4d3ba23, type: 2}
      propertyPath: m_RootOrder
      value: 9
      objectReference: {fileID: 0}
    - target: {fileID: 1865439467651808, guid: 564b2497ac0a2544592110edf4d3ba23, type: 2}
      propertyPath: m_Name
      value: Pillars (13)
      objectReference: {fileID: 0}
    m_RemovedComponents: []
  m_ParentPrefab: {fileID: 100100000, guid: 564b2497ac0a2544592110edf4d3ba23, type: 2}
  m_IsPrefabParent: 0
--- !u!1001 &1442496133
Prefab:
  m_ObjectHideFlags: 0
  serializedVersion: 2
  m_Modification:
    m_TransformParent: {fileID: 0}
    m_Modifications:
    - target: {fileID: 4083212941825770, guid: 564b2497ac0a2544592110edf4d3ba23, type: 2}
      propertyPath: m_LocalPosition.x
      value: 45.867855
      objectReference: {fileID: 0}
    - target: {fileID: 4083212941825770, guid: 564b2497ac0a2544592110edf4d3ba23, type: 2}
      propertyPath: m_LocalPosition.y
      value: 2.1329007
      objectReference: {fileID: 0}
    - target: {fileID: 4083212941825770, guid: 564b2497ac0a2544592110edf4d3ba23, type: 2}
      propertyPath: m_LocalPosition.z
      value: 0
      objectReference: {fileID: 0}
    - target: {fileID: 4083212941825770, guid: 564b2497ac0a2544592110edf4d3ba23, type: 2}
      propertyPath: m_LocalRotation.x
      value: 0
      objectReference: {fileID: 0}
    - target: {fileID: 4083212941825770, guid: 564b2497ac0a2544592110edf4d3ba23, type: 2}
      propertyPath: m_LocalRotation.y
      value: 0
      objectReference: {fileID: 0}
    - target: {fileID: 4083212941825770, guid: 564b2497ac0a2544592110edf4d3ba23, type: 2}
      propertyPath: m_LocalRotation.z
      value: 0
      objectReference: {fileID: 0}
    - target: {fileID: 4083212941825770, guid: 564b2497ac0a2544592110edf4d3ba23, type: 2}
      propertyPath: m_LocalRotation.w
      value: 1
      objectReference: {fileID: 0}
    - target: {fileID: 4083212941825770, guid: 564b2497ac0a2544592110edf4d3ba23, type: 2}
      propertyPath: m_RootOrder
      value: 11
      objectReference: {fileID: 0}
    - target: {fileID: 1865439467651808, guid: 564b2497ac0a2544592110edf4d3ba23, type: 2}
      propertyPath: m_Name
      value: Pillars (11)
      objectReference: {fileID: 0}
    m_RemovedComponents: []
  m_ParentPrefab: {fileID: 100100000, guid: 564b2497ac0a2544592110edf4d3ba23, type: 2}
  m_IsPrefabParent: 0
--- !u!1001 &1446293402
Prefab:
  m_ObjectHideFlags: 0
  serializedVersion: 2
  m_Modification:
    m_TransformParent: {fileID: 0}
    m_Modifications:
    - target: {fileID: 4083212941825770, guid: 564b2497ac0a2544592110edf4d3ba23, type: 2}
      propertyPath: m_LocalPosition.x
      value: -31.200249
      objectReference: {fileID: 0}
    - target: {fileID: 4083212941825770, guid: 564b2497ac0a2544592110edf4d3ba23, type: 2}
      propertyPath: m_LocalPosition.y
      value: 5.1154113
      objectReference: {fileID: 0}
    - target: {fileID: 4083212941825770, guid: 564b2497ac0a2544592110edf4d3ba23, type: 2}
      propertyPath: m_LocalPosition.z
      value: 0
      objectReference: {fileID: 0}
    - target: {fileID: 4083212941825770, guid: 564b2497ac0a2544592110edf4d3ba23, type: 2}
      propertyPath: m_LocalRotation.x
      value: 0
      objectReference: {fileID: 0}
    - target: {fileID: 4083212941825770, guid: 564b2497ac0a2544592110edf4d3ba23, type: 2}
      propertyPath: m_LocalRotation.y
      value: 0
      objectReference: {fileID: 0}
    - target: {fileID: 4083212941825770, guid: 564b2497ac0a2544592110edf4d3ba23, type: 2}
      propertyPath: m_LocalRotation.z
      value: 0
      objectReference: {fileID: 0}
    - target: {fileID: 4083212941825770, guid: 564b2497ac0a2544592110edf4d3ba23, type: 2}
      propertyPath: m_LocalRotation.w
      value: 1
      objectReference: {fileID: 0}
    - target: {fileID: 4083212941825770, guid: 564b2497ac0a2544592110edf4d3ba23, type: 2}
      propertyPath: m_RootOrder
      value: 20
      objectReference: {fileID: 0}
    - target: {fileID: 1865439467651808, guid: 564b2497ac0a2544592110edf4d3ba23, type: 2}
      propertyPath: m_Name
      value: Pillars (2)
      objectReference: {fileID: 0}
    m_RemovedComponents: []
  m_ParentPrefab: {fileID: 100100000, guid: 564b2497ac0a2544592110edf4d3ba23, type: 2}
  m_IsPrefabParent: 0
--- !u!1 &1451608561
GameObject:
  m_ObjectHideFlags: 0
  m_PrefabParentObject: {fileID: 0}
  m_PrefabInternal: {fileID: 0}
  serializedVersion: 5
  m_Component:
  - component: {fileID: 1451608566}
  - component: {fileID: 1451608565}
  - component: {fileID: 1451608564}
  - component: {fileID: 1451608563}
  - component: {fileID: 1451608562}
  - component: {fileID: 1451608567}
  - component: {fileID: 1451608568}
  - component: {fileID: 1451608569}
  m_Layer: 0
  m_Name: PlayerPawn
  m_TagString: Untagged
  m_Icon: {fileID: 0}
  m_NavMeshLayer: 0
  m_StaticEditorFlags: 0
  m_IsActive: 1
--- !u!114 &1451608562
MonoBehaviour:
  m_ObjectHideFlags: 0
  m_PrefabParentObject: {fileID: 0}
  m_PrefabInternal: {fileID: 0}
  m_GameObject: {fileID: 1451608561}
  m_Enabled: 1
  m_EditorHideFlags: 0
  m_Script: {fileID: 11500000, guid: 8eb349899453f7743a36c66188c53391, type: 3}
  m_Name: 
  m_EditorClassIdentifier: 
  moveSpeed: 8
  jumpForce: 500
  isGrounded: 0
  groundDistance: 1
  jumpsLeft: 2
--- !u!50 &1451608563
Rigidbody2D:
  serializedVersion: 4
  m_ObjectHideFlags: 0
  m_PrefabParentObject: {fileID: 0}
  m_PrefabInternal: {fileID: 0}
  m_GameObject: {fileID: 1451608561}
  m_BodyType: 0
  m_Simulated: 1
  m_UseFullKinematicContacts: 0
  m_UseAutoMass: 0
  m_Mass: 1
  m_LinearDrag: 0
  m_AngularDrag: 0
  m_GravityScale: 1
  m_Material: {fileID: 0}
  m_Interpolate: 0
  m_SleepingMode: 1
  m_CollisionDetection: 0
  m_Constraints: 0
--- !u!61 &1451608564
BoxCollider2D:
  m_ObjectHideFlags: 0
  m_PrefabParentObject: {fileID: 0}
  m_PrefabInternal: {fileID: 0}
  m_GameObject: {fileID: 1451608561}
  m_Enabled: 1
  m_Density: 1
  m_Material: {fileID: 0}
  m_IsTrigger: 0
  m_UsedByEffector: 0
  m_UsedByComposite: 0
  m_Offset: {x: 0, y: 0}
  m_SpriteTilingProperty:
    border: {x: 0, y: 0, z: 0, w: 0}
    pivot: {x: 0.5, y: 0.5}
    oldSize: {x: 1.57, y: 1.28}
    newSize: {x: 1.57, y: 1.28}
    adaptiveTilingThreshold: 0.5
    drawMode: 0
    adaptiveTiling: 0
  m_AutoTiling: 0
  serializedVersion: 2
  m_Size: {x: 1.57, y: 1.28}
  m_EdgeRadius: 0
--- !u!212 &1451608565
SpriteRenderer:
  m_ObjectHideFlags: 0
  m_PrefabParentObject: {fileID: 0}
  m_PrefabInternal: {fileID: 0}
  m_GameObject: {fileID: 1451608561}
  m_Enabled: 1
  m_CastShadows: 0
  m_ReceiveShadows: 0
  m_DynamicOccludee: 1
  m_MotionVectors: 1
  m_LightProbeUsage: 1
  m_ReflectionProbeUsage: 1
  m_Materials:
  - {fileID: 10754, guid: 0000000000000000f000000000000000, type: 0}
  m_StaticBatchInfo:
    firstSubMesh: 0
    subMeshCount: 0
  m_StaticBatchRoot: {fileID: 0}
  m_ProbeAnchor: {fileID: 0}
  m_LightProbeVolumeOverride: {fileID: 0}
  m_ScaleInLightmap: 1
  m_PreserveUVs: 0
  m_IgnoreNormalsForChartDetection: 0
  m_ImportantGI: 0
  m_StitchLightmapSeams: 0
  m_SelectedEditorRenderState: 0
  m_MinimumChartSize: 4
  m_AutoUVMaxDistance: 0.5
  m_AutoUVMaxAngle: 89
  m_LightmapParameters: {fileID: 0}
  m_SortingLayerID: 0
  m_SortingLayer: 0
  m_SortingOrder: 0
  m_Sprite: {fileID: 21300000, guid: 13e82ddc2d95f8d43a73449a28e6578b, type: 3}
  m_Color: {r: 1, g: 1, b: 1, a: 1}
  m_FlipX: 0
  m_FlipY: 0
  m_DrawMode: 0
  m_Size: {x: 1.57, y: 1.28}
  m_AdaptiveModeThreshold: 0.5
  m_SpriteTileMode: 0
  m_WasSpriteAssigned: 1
  m_MaskInteraction: 0
--- !u!4 &1451608566
Transform:
  m_ObjectHideFlags: 0
  m_PrefabParentObject: {fileID: 0}
  m_PrefabInternal: {fileID: 0}
  m_GameObject: {fileID: 1451608561}
  m_LocalRotation: {x: 0, y: 0, z: 0, w: 1}
  m_LocalPosition: {x: -27.9, y: 11.9, z: 0}
  m_LocalScale: {x: 1, y: 1, z: 1}
  m_Children:
  - {fileID: 704793134}
  - {fileID: 232571670}
  m_Father: {fileID: 0}
  m_RootOrder: 23
  m_LocalEulerAnglesHint: {x: 0, y: 0, z: 0}
--- !u!95 &1451608567
Animator:
  serializedVersion: 3
  m_ObjectHideFlags: 0
  m_PrefabParentObject: {fileID: 0}
  m_PrefabInternal: {fileID: 0}
  m_GameObject: {fileID: 1451608561}
  m_Enabled: 1
  m_Avatar: {fileID: 0}
  m_Controller: {fileID: 9100000, guid: 48c783af97ee5554c9bd5e31388d5109, type: 2}
  m_CullingMode: 0
  m_UpdateMode: 0
  m_ApplyRootMotion: 0
  m_LinearVelocityBlending: 0
  m_WarningMessage: 
  m_HasTransformHierarchy: 1
  m_AllowConstantClipSamplingOptimization: 1
--- !u!81 &1451608568
AudioListener:
  m_ObjectHideFlags: 0
  m_PrefabParentObject: {fileID: 0}
  m_PrefabInternal: {fileID: 0}
  m_GameObject: {fileID: 1451608561}
  m_Enabled: 1
--- !u!114 &1451608569
MonoBehaviour:
  m_ObjectHideFlags: 0
  m_PrefabParentObject: {fileID: 0}
  m_PrefabInternal: {fileID: 0}
  m_GameObject: {fileID: 1451608561}
  m_Enabled: 1
  m_EditorHideFlags: 0
  m_Script: {fileID: 11500000, guid: 3df3188a60f3cbf45acb114ac1f55290, type: 3}
  m_Name: 
  m_EditorClassIdentifier: 
  tf: {fileID: 1451608566}
  soundDeath: {fileID: 8300000, guid: 93549313a60f60a43a1b49a55a2ed0b7, type: 3}
  soundHit: {fileID: 8300000, guid: 467ee1100ea659940912d2e81700cf64, type: 3}
--- !u!1001 &1476910103
Prefab:
  m_ObjectHideFlags: 0
  serializedVersion: 2
  m_Modification:
    m_TransformParent: {fileID: 0}
    m_Modifications:
    - target: {fileID: 4083212941825770, guid: 564b2497ac0a2544592110edf4d3ba23, type: 2}
      propertyPath: m_LocalPosition.x
      value: 41.21515
      objectReference: {fileID: 0}
    - target: {fileID: 4083212941825770, guid: 564b2497ac0a2544592110edf4d3ba23, type: 2}
      propertyPath: m_LocalPosition.y
      value: 1.1784964
      objectReference: {fileID: 0}
    - target: {fileID: 4083212941825770, guid: 564b2497ac0a2544592110edf4d3ba23, type: 2}
      propertyPath: m_LocalPosition.z
      value: 0
      objectReference: {fileID: 0}
    - target: {fileID: 4083212941825770, guid: 564b2497ac0a2544592110edf4d3ba23, type: 2}
      propertyPath: m_LocalRotation.x
      value: 0
      objectReference: {fileID: 0}
    - target: {fileID: 4083212941825770, guid: 564b2497ac0a2544592110edf4d3ba23, type: 2}
      propertyPath: m_LocalRotation.y
      value: 0
      objectReference: {fileID: 0}
    - target: {fileID: 4083212941825770, guid: 564b2497ac0a2544592110edf4d3ba23, type: 2}
      propertyPath: m_LocalRotation.z
      value: 0
      objectReference: {fileID: 0}
    - target: {fileID: 4083212941825770, guid: 564b2497ac0a2544592110edf4d3ba23, type: 2}
      propertyPath: m_LocalRotation.w
      value: 1
      objectReference: {fileID: 0}
    - target: {fileID: 4083212941825770, guid: 564b2497ac0a2544592110edf4d3ba23, type: 2}
      propertyPath: m_RootOrder
      value: 15
      objectReference: {fileID: 0}
    - target: {fileID: 1865439467651808, guid: 564b2497ac0a2544592110edf4d3ba23, type: 2}
      propertyPath: m_Name
      value: Pillars (7)
      objectReference: {fileID: 0}
    m_RemovedComponents: []
  m_ParentPrefab: {fileID: 100100000, guid: 564b2497ac0a2544592110edf4d3ba23, type: 2}
  m_IsPrefabParent: 0
--- !u!1001 &1481325021
Prefab:
  m_ObjectHideFlags: 0
  serializedVersion: 2
  m_Modification:
    m_TransformParent: {fileID: 0}
    m_Modifications:
    - target: {fileID: 4083212941825770, guid: 564b2497ac0a2544592110edf4d3ba23, type: 2}
      propertyPath: m_LocalPosition.x
      value: 43.839745
      objectReference: {fileID: 0}
    - target: {fileID: 4083212941825770, guid: 564b2497ac0a2544592110edf4d3ba23, type: 2}
      propertyPath: m_LocalPosition.y
      value: 1.4170976
      objectReference: {fileID: 0}
    - target: {fileID: 4083212941825770, guid: 564b2497ac0a2544592110edf4d3ba23, type: 2}
      propertyPath: m_LocalPosition.z
      value: 0
      objectReference: {fileID: 0}
    - target: {fileID: 4083212941825770, guid: 564b2497ac0a2544592110edf4d3ba23, type: 2}
      propertyPath: m_LocalRotation.x
      value: 0
      objectReference: {fileID: 0}
    - target: {fileID: 4083212941825770, guid: 564b2497ac0a2544592110edf4d3ba23, type: 2}
      propertyPath: m_LocalRotation.y
      value: 0
      objectReference: {fileID: 0}
    - target: {fileID: 4083212941825770, guid: 564b2497ac0a2544592110edf4d3ba23, type: 2}
      propertyPath: m_LocalRotation.z
      value: 0
      objectReference: {fileID: 0}
    - target: {fileID: 4083212941825770, guid: 564b2497ac0a2544592110edf4d3ba23, type: 2}
      propertyPath: m_LocalRotation.w
      value: 1
      objectReference: {fileID: 0}
    - target: {fileID: 4083212941825770, guid: 564b2497ac0a2544592110edf4d3ba23, type: 2}
      propertyPath: m_RootOrder
      value: 10
      objectReference: {fileID: 0}
    - target: {fileID: 1865439467651808, guid: 564b2497ac0a2544592110edf4d3ba23, type: 2}
      propertyPath: m_Name
      value: Pillars (12)
      objectReference: {fileID: 0}
    m_RemovedComponents: []
  m_ParentPrefab: {fileID: 100100000, guid: 564b2497ac0a2544592110edf4d3ba23, type: 2}
  m_IsPrefabParent: 0
--- !u!1001 &1487092451
Prefab:
  m_ObjectHideFlags: 0
  serializedVersion: 2
  m_Modification:
    m_TransformParent: {fileID: 0}
    m_Modifications:
    - target: {fileID: 4083212941825770, guid: 564b2497ac0a2544592110edf4d3ba23, type: 2}
      propertyPath: m_LocalPosition.x
      value: -11.515667
      objectReference: {fileID: 0}
    - target: {fileID: 4083212941825770, guid: 564b2497ac0a2544592110edf4d3ba23, type: 2}
      propertyPath: m_LocalPosition.y
      value: 1.059195
      objectReference: {fileID: 0}
    - target: {fileID: 4083212941825770, guid: 564b2497ac0a2544592110edf4d3ba23, type: 2}
      propertyPath: m_LocalPosition.z
      value: 0
      objectReference: {fileID: 0}
    - target: {fileID: 4083212941825770, guid: 564b2497ac0a2544592110edf4d3ba23, type: 2}
      propertyPath: m_LocalRotation.x
      value: 0
      objectReference: {fileID: 0}
    - target: {fileID: 4083212941825770, guid: 564b2497ac0a2544592110edf4d3ba23, type: 2}
      propertyPath: m_LocalRotation.y
      value: 0
      objectReference: {fileID: 0}
    - target: {fileID: 4083212941825770, guid: 564b2497ac0a2544592110edf4d3ba23, type: 2}
      propertyPath: m_LocalRotation.z
      value: 0
      objectReference: {fileID: 0}
    - target: {fileID: 4083212941825770, guid: 564b2497ac0a2544592110edf4d3ba23, type: 2}
      propertyPath: m_LocalRotation.w
      value: 1
      objectReference: {fileID: 0}
    - target: {fileID: 4083212941825770, guid: 564b2497ac0a2544592110edf4d3ba23, type: 2}
      propertyPath: m_RootOrder
      value: 18
      objectReference: {fileID: 0}
    - target: {fileID: 1865439467651808, guid: 564b2497ac0a2544592110edf4d3ba23, type: 2}
      propertyPath: m_Name
      value: Pillars (4)
      objectReference: {fileID: 0}
    m_RemovedComponents: []
  m_ParentPrefab: {fileID: 100100000, guid: 564b2497ac0a2544592110edf4d3ba23, type: 2}
  m_IsPrefabParent: 0
--- !u!1 &1505716407
GameObject:
  m_ObjectHideFlags: 0
  m_PrefabParentObject: {fileID: 0}
  m_PrefabInternal: {fileID: 0}
  serializedVersion: 5
  m_Component:
  - component: {fileID: 1505716410}
  - component: {fileID: 1505716409}
  - component: {fileID: 1505716408}
  m_Layer: 0
  m_Name: platformIndustrial_003
  m_TagString: Untagged
  m_Icon: {fileID: 0}
  m_NavMeshLayer: 0
  m_StaticEditorFlags: 0
  m_IsActive: 1
--- !u!61 &1505716408
BoxCollider2D:
  m_ObjectHideFlags: 0
  m_PrefabParentObject: {fileID: 0}
  m_PrefabInternal: {fileID: 0}
  m_GameObject: {fileID: 1505716407}
  m_Enabled: 1
  m_Density: 1
  m_Material: {fileID: 0}
  m_IsTrigger: 0
  m_UsedByEffector: 0
  m_UsedByComposite: 0
  m_Offset: {x: 0, y: 0}
  m_SpriteTilingProperty:
    border: {x: 0, y: 0, z: 0, w: 0}
    pivot: {x: 0.5, y: 0.5}
    oldSize: {x: 0.7, y: 0.7}
    newSize: {x: 0.7, y: 0.7}
    adaptiveTilingThreshold: 0.5
    drawMode: 0
    adaptiveTiling: 0
  m_AutoTiling: 0
  serializedVersion: 2
  m_Size: {x: 0.7, y: 0.7}
  m_EdgeRadius: 0
--- !u!212 &1505716409
SpriteRenderer:
  m_ObjectHideFlags: 0
  m_PrefabParentObject: {fileID: 0}
  m_PrefabInternal: {fileID: 0}
  m_GameObject: {fileID: 1505716407}
  m_Enabled: 1
  m_CastShadows: 0
  m_ReceiveShadows: 0
  m_DynamicOccludee: 1
  m_MotionVectors: 1
  m_LightProbeUsage: 1
  m_ReflectionProbeUsage: 1
  m_Materials:
  - {fileID: 10754, guid: 0000000000000000f000000000000000, type: 0}
  m_StaticBatchInfo:
    firstSubMesh: 0
    subMeshCount: 0
  m_StaticBatchRoot: {fileID: 0}
  m_ProbeAnchor: {fileID: 0}
  m_LightProbeVolumeOverride: {fileID: 0}
  m_ScaleInLightmap: 1
  m_PreserveUVs: 0
  m_IgnoreNormalsForChartDetection: 0
  m_ImportantGI: 0
  m_StitchLightmapSeams: 0
  m_SelectedEditorRenderState: 0
  m_MinimumChartSize: 4
  m_AutoUVMaxDistance: 0.5
  m_AutoUVMaxAngle: 89
  m_LightmapParameters: {fileID: 0}
  m_SortingLayerID: 0
  m_SortingLayer: 0
  m_SortingOrder: 0
  m_Sprite: {fileID: 21300000, guid: 1538c16a48bf4744aaa45605489d52b6, type: 3}
  m_Color: {r: 1, g: 1, b: 1, a: 1}
  m_FlipX: 0
  m_FlipY: 0
  m_DrawMode: 0
  m_Size: {x: 0.7, y: 0.7}
  m_AdaptiveModeThreshold: 0.5
  m_SpriteTileMode: 0
  m_WasSpriteAssigned: 1
  m_MaskInteraction: 0
--- !u!4 &1505716410
Transform:
  m_ObjectHideFlags: 0
  m_PrefabParentObject: {fileID: 0}
  m_PrefabInternal: {fileID: 0}
  m_GameObject: {fileID: 1505716407}
  m_LocalRotation: {x: 0, y: 0, z: 0, w: 1}
  m_LocalPosition: {x: 15.94, y: -1.5, z: 0}
  m_LocalScale: {x: 150, y: 1.7, z: 1}
  m_Children: []
  m_Father: {fileID: 0}
  m_RootOrder: 24
  m_LocalEulerAnglesHint: {x: 0, y: 0, z: 0}
--- !u!1001 &1551285883
Prefab:
  m_ObjectHideFlags: 0
  serializedVersion: 2
  m_Modification:
    m_TransformParent: {fileID: 0}
    m_Modifications:
    - target: {fileID: 4568130285840360, guid: 17106a58efe3fad4c8cd9b8f3a499b9a, type: 2}
      propertyPath: m_LocalPosition.x
      value: -28.57565
      objectReference: {fileID: 0}
    - target: {fileID: 4568130285840360, guid: 17106a58efe3fad4c8cd9b8f3a499b9a, type: 2}
      propertyPath: m_LocalPosition.y
      value: 3.5645056
      objectReference: {fileID: 0}
    - target: {fileID: 4568130285840360, guid: 17106a58efe3fad4c8cd9b8f3a499b9a, type: 2}
      propertyPath: m_LocalPosition.z
      value: 0
      objectReference: {fileID: 0}
    - target: {fileID: 4568130285840360, guid: 17106a58efe3fad4c8cd9b8f3a499b9a, type: 2}
      propertyPath: m_LocalRotation.x
      value: 0
      objectReference: {fileID: 0}
    - target: {fileID: 4568130285840360, guid: 17106a58efe3fad4c8cd9b8f3a499b9a, type: 2}
      propertyPath: m_LocalRotation.y
      value: 0
      objectReference: {fileID: 0}
    - target: {fileID: 4568130285840360, guid: 17106a58efe3fad4c8cd9b8f3a499b9a, type: 2}
      propertyPath: m_LocalRotation.z
      value: 0
      objectReference: {fileID: 0}
    - target: {fileID: 4568130285840360, guid: 17106a58efe3fad4c8cd9b8f3a499b9a, type: 2}
      propertyPath: m_LocalRotation.w
      value: 1
      objectReference: {fileID: 0}
    - target: {fileID: 4568130285840360, guid: 17106a58efe3fad4c8cd9b8f3a499b9a, type: 2}
      propertyPath: m_RootOrder
      value: 2
      objectReference: {fileID: 0}
    - target: {fileID: 1288171999792428, guid: 17106a58efe3fad4c8cd9b8f3a499b9a, type: 2}
      propertyPath: m_Name
      value: Sound_Coin (6)
      objectReference: {fileID: 0}
    m_RemovedComponents: []
  m_ParentPrefab: {fileID: 100100000, guid: 17106a58efe3fad4c8cd9b8f3a499b9a, type: 2}
  m_IsPrefabParent: 0
--- !u!1001 &1637135464
Prefab:
  m_ObjectHideFlags: 0
  serializedVersion: 2
  m_Modification:
    m_TransformParent: {fileID: 0}
    m_Modifications:
    - target: {fileID: 4568130285840360, guid: 17106a58efe3fad4c8cd9b8f3a499b9a, type: 2}
      propertyPath: m_LocalPosition.x
      value: 35.727314
      objectReference: {fileID: 0}
    - target: {fileID: 4568130285840360, guid: 17106a58efe3fad4c8cd9b8f3a499b9a, type: 2}
      propertyPath: m_LocalPosition.y
      value: 2.0136003
      objectReference: {fileID: 0}
    - target: {fileID: 4568130285840360, guid: 17106a58efe3fad4c8cd9b8f3a499b9a, type: 2}
      propertyPath: m_LocalPosition.z
      value: 0
      objectReference: {fileID: 0}
    - target: {fileID: 4568130285840360, guid: 17106a58efe3fad4c8cd9b8f3a499b9a, type: 2}
      propertyPath: m_LocalRotation.x
      value: 0
      objectReference: {fileID: 0}
    - target: {fileID: 4568130285840360, guid: 17106a58efe3fad4c8cd9b8f3a499b9a, type: 2}
      propertyPath: m_LocalRotation.y
      value: 0
      objectReference: {fileID: 0}
    - target: {fileID: 4568130285840360, guid: 17106a58efe3fad4c8cd9b8f3a499b9a, type: 2}
      propertyPath: m_LocalRotation.z
      value: 0
      objectReference: {fileID: 0}
    - target: {fileID: 4568130285840360, guid: 17106a58efe3fad4c8cd9b8f3a499b9a, type: 2}
      propertyPath: m_LocalRotation.w
      value: 1
      objectReference: {fileID: 0}
    - target: {fileID: 4568130285840360, guid: 17106a58efe3fad4c8cd9b8f3a499b9a, type: 2}
      propertyPath: m_RootOrder
      value: 3
      objectReference: {fileID: 0}
    - target: {fileID: 1288171999792428, guid: 17106a58efe3fad4c8cd9b8f3a499b9a, type: 2}
      propertyPath: m_Name
      value: Sound_Coin (5)
      objectReference: {fileID: 0}
    m_RemovedComponents: []
  m_ParentPrefab: {fileID: 100100000, guid: 17106a58efe3fad4c8cd9b8f3a499b9a, type: 2}
  m_IsPrefabParent: 0
--- !u!1001 &1742631796
Prefab:
  m_ObjectHideFlags: 0
  serializedVersion: 2
  m_Modification:
    m_TransformParent: {fileID: 0}
    m_Modifications:
    - target: {fileID: 4083212941825770, guid: 564b2497ac0a2544592110edf4d3ba23, type: 2}
      propertyPath: m_LocalPosition.x
      value: 13.418133
      objectReference: {fileID: 0}
    - target: {fileID: 4083212941825770, guid: 564b2497ac0a2544592110edf4d3ba23, type: 2}
      propertyPath: m_LocalPosition.y
      value: 1.0591955
      objectReference: {fileID: 0}
    - target: {fileID: 4083212941825770, guid: 564b2497ac0a2544592110edf4d3ba23, type: 2}
      propertyPath: m_LocalPosition.z
      value: 0
      objectReference: {fileID: 0}
    - target: {fileID: 4083212941825770, guid: 564b2497ac0a2544592110edf4d3ba23, type: 2}
      propertyPath: m_LocalRotation.x
      value: 0
      objectReference: {fileID: 0}
    - target: {fileID: 4083212941825770, guid: 564b2497ac0a2544592110edf4d3ba23, type: 2}
      propertyPath: m_LocalRotation.y
      value: 0
      objectReference: {fileID: 0}
    - target: {fileID: 4083212941825770, guid: 564b2497ac0a2544592110edf4d3ba23, type: 2}
      propertyPath: m_LocalRotation.z
      value: 0
      objectReference: {fileID: 0}
    - target: {fileID: 4083212941825770, guid: 564b2497ac0a2544592110edf4d3ba23, type: 2}
      propertyPath: m_LocalRotation.w
      value: 1
      objectReference: {fileID: 0}
    - target: {fileID: 4083212941825770, guid: 564b2497ac0a2544592110edf4d3ba23, type: 2}
      propertyPath: m_RootOrder
      value: 17
      objectReference: {fileID: 0}
    - target: {fileID: 1865439467651808, guid: 564b2497ac0a2544592110edf4d3ba23, type: 2}
      propertyPath: m_Name
      value: Pillars (5)
      objectReference: {fileID: 0}
    m_RemovedComponents: []
  m_ParentPrefab: {fileID: 100100000, guid: 564b2497ac0a2544592110edf4d3ba23, type: 2}
  m_IsPrefabParent: 0
--- !u!1001 &1816356712
Prefab:
  m_ObjectHideFlags: 0
  serializedVersion: 2
  m_Modification:
    m_TransformParent: {fileID: 0}
    m_Modifications:
    - target: {fileID: 4083212941825770, guid: 564b2497ac0a2544592110edf4d3ba23, type: 2}
      propertyPath: m_LocalPosition.x
      value: 10
      objectReference: {fileID: 0}
    - target: {fileID: 4083212941825770, guid: 564b2497ac0a2544592110edf4d3ba23, type: 2}
      propertyPath: m_LocalPosition.y
      value: 1.1
      objectReference: {fileID: 0}
    - target: {fileID: 4083212941825770, guid: 564b2497ac0a2544592110edf4d3ba23, type: 2}
      propertyPath: m_LocalPosition.z
      value: 0
      objectReference: {fileID: 0}
    - target: {fileID: 4083212941825770, guid: 564b2497ac0a2544592110edf4d3ba23, type: 2}
      propertyPath: m_LocalRotation.x
      value: 0
      objectReference: {fileID: 0}
    - target: {fileID: 4083212941825770, guid: 564b2497ac0a2544592110edf4d3ba23, type: 2}
      propertyPath: m_LocalRotation.y
      value: 0
      objectReference: {fileID: 0}
    - target: {fileID: 4083212941825770, guid: 564b2497ac0a2544592110edf4d3ba23, type: 2}
      propertyPath: m_LocalRotation.z
      value: 0
      objectReference: {fileID: 0}
    - target: {fileID: 4083212941825770, guid: 564b2497ac0a2544592110edf4d3ba23, type: 2}
      propertyPath: m_LocalRotation.w
      value: 1
      objectReference: {fileID: 0}
    - target: {fileID: 4083212941825770, guid: 564b2497ac0a2544592110edf4d3ba23, type: 2}
      propertyPath: m_RootOrder
      value: 25
      objectReference: {fileID: 0}
    m_RemovedComponents: []
  m_ParentPrefab: {fileID: 100100000, guid: 564b2497ac0a2544592110edf4d3ba23, type: 2}
  m_IsPrefabParent: 0
--- !u!1 &1923816159
GameObject:
  m_ObjectHideFlags: 0
  m_PrefabParentObject: {fileID: 0}
  m_PrefabInternal: {fileID: 0}
  serializedVersion: 5
  m_Component:
  - component: {fileID: 1923816163}
  - component: {fileID: 1923816162}
  m_Layer: 0
  m_Name: Audio Source
  m_TagString: Untagged
  m_Icon: {fileID: 0}
  m_NavMeshLayer: 0
  m_StaticEditorFlags: 0
  m_IsActive: 1
--- !u!82 &1923816162
AudioSource:
  m_ObjectHideFlags: 0
  m_PrefabParentObject: {fileID: 0}
  m_PrefabInternal: {fileID: 0}
  m_GameObject: {fileID: 1923816159}
  m_Enabled: 1
  serializedVersion: 4
  OutputAudioMixerGroup: {fileID: 0}
  m_audioClip: {fileID: 8300000, guid: 00b6e4f57b6dbbb439c82e52de743387, type: 3}
  m_PlayOnAwake: 1
  m_Volume: 1
  m_Pitch: 1
  Loop: 1
  Mute: 0
  Spatialize: 0
  SpatializePostEffects: 0
  Priority: 128
  DopplerLevel: 1
  MinDistance: 1
  MaxDistance: 500
  Pan2D: 0
  rolloffMode: 0
  BypassEffects: 0
  BypassListenerEffects: 0
  BypassReverbZones: 0
  rolloffCustomCurve:
    serializedVersion: 2
    m_Curve:
    - serializedVersion: 2
      time: 0
      value: 1
      inSlope: 0
      outSlope: 0
      tangentMode: 0
    - serializedVersion: 2
      time: 1
      value: 0
      inSlope: 0
      outSlope: 0
      tangentMode: 0
    m_PreInfinity: 2
    m_PostInfinity: 2
    m_RotationOrder: 4
  panLevelCustomCurve:
    serializedVersion: 2
    m_Curve:
    - serializedVersion: 2
      time: 0
      value: 0
      inSlope: 0
      outSlope: 0
      tangentMode: 0
    m_PreInfinity: 2
    m_PostInfinity: 2
    m_RotationOrder: 0
  spreadCustomCurve:
    serializedVersion: 2
    m_Curve:
    - serializedVersion: 2
      time: 0
      value: 0
      inSlope: 0
      outSlope: 0
      tangentMode: 0
    m_PreInfinity: 2
    m_PostInfinity: 2
    m_RotationOrder: 4
  reverbZoneMixCustomCurve:
    serializedVersion: 2
    m_Curve:
    - serializedVersion: 2
      time: 0
      value: 1
      inSlope: 0
      outSlope: 0
      tangentMode: 0
    m_PreInfinity: 2
    m_PostInfinity: 2
    m_RotationOrder: 0
--- !u!4 &1923816163
Transform:
  m_ObjectHideFlags: 0
  m_PrefabParentObject: {fileID: 0}
  m_PrefabInternal: {fileID: 0}
  m_GameObject: {fileID: 1923816159}
  m_LocalRotation: {x: -0, y: -0, z: -0, w: 1}
  m_LocalPosition: {x: -4.503003, y: 6.16346, z: -0.19258708}
  m_LocalScale: {x: 1, y: 1, z: 1}
  m_Children: []
  m_Father: {fileID: 0}
  m_RootOrder: 27
  m_LocalEulerAnglesHint: {x: 0, y: 0, z: 0}
--- !u!1 &2083747106
GameObject:
  m_ObjectHideFlags: 0
  m_PrefabParentObject: {fileID: 0}
  m_PrefabInternal: {fileID: 0}
  serializedVersion: 5
  m_Component:
  - component: {fileID: 2083747108}
  - component: {fileID: 2083747107}
  m_Layer: 0
  m_Name: GameManager
  m_TagString: Untagged
  m_Icon: {fileID: 0}
  m_NavMeshLayer: 0
  m_StaticEditorFlags: 0
  m_IsActive: 1
--- !u!114 &2083747107
MonoBehaviour:
  m_ObjectHideFlags: 0
  m_PrefabParentObject: {fileID: 0}
  m_PrefabInternal: {fileID: 0}
  m_GameObject: {fileID: 2083747106}
  m_Enabled: 1
  m_EditorHideFlags: 0
  m_Script: {fileID: 11500000, guid: b93953285178c4d4d90442d777c4373a, type: 3}
  m_Name: 
  m_EditorClassIdentifier: 
  score: 0
  respawnPoint: {x: 0, y: 0, z: 0}
--- !u!4 &2083747108
Transform:
  m_ObjectHideFlags: 0
  m_PrefabParentObject: {fileID: 0}
  m_PrefabInternal: {fileID: 0}
  m_GameObject: {fileID: 2083747106}
  m_LocalRotation: {x: 0, y: 0, z: 0, w: 1}
  m_LocalPosition: {x: 0, y: 0, z: 0}
  m_LocalScale: {x: 1, y: 1, z: 1}
  m_Children: []
  m_Father: {fileID: 0}
  m_RootOrder: 0
  m_LocalEulerAnglesHint: {x: 0, y: 0, z: 0}
